@book{ror:awdwr,
 author = {Thomas, Dave and Hansson, David and Breedt, Leon and Clark, Mike and Davidson, James Duncan and Gehtland, Justin and Schwarz, Andreas},
 title = {Agile Web Development with Rails},
 year = {2006},
 institution = {Pragmatic Bookshelf}
}

@TechReport{RePEc:col:000159:003891,
  author={Maribel Serna Rodríguez and Andrés Mauricio Mora Cuartas},
  title={La Bolsa de Valores de Colombia: Su historia y relación con la Universidad EAFIT},
  year=2007,
  month=Jul,
  institution={GRUPO DE INVESTIGACIÓN EN FINANZAS Y BANCA - EAFIT},
  type={MERCADOS FINANCIEROS},
  url={http://ideas.repec.org/p/col/000159/003891.html},
  number={003891}
}

@TechReport{RepEEc:col:piedrahita,
	author={Francisco Piedrahita},
	title={Retazos de Historia},
	year = {1986},
	institution= {},
	type={},
	url={},
	number={88416316}
}

@book{ror:cookbook,
	author={Rob Orsini},
	title={Rails Cookbook},
	year = {2007},
	institution= {O'Reilly},
	type={},
	url={}
}


@book{vis:toolkitInteractiveInf,
	author={Jeffrey Heer, Stuart K. Card, and James A. Landay.},
	title={A toolkit for interactive information visualization},
	year = {2005},
	institution= {ACM Press.},
	type={},
	url={}
}


@TechReport{vis:MiningMarketData,
  author={Vladimir Boginski, SergiyButenko, and PanosM. Pardalos.},
  title={Mining market data: A network approach.},
  year=2002,
  institution={ACM Press.},
  type={MERCADOS FINANCIEROS},
  url={},
  number={}
}


@TechReport{vis:InteractiveVisSmalWorldGraphs,
  author={Frank van Ham and JarkeJ. van Wijk.},
  title={Interactive visualization of small world graphs.},
  year=2004,
  institution={IEEE Computer Society.},
  type={Information Visualization},
  url={},
  number={}
}



www.unity3d.com


http://stockcharts.com/school/doku.php?id=chart_school:overview:technical_analysis


